
@article{StoreyStrongcontrolconservative2004,
  title = {Strong Control, Conservative Point Estimation and Simultaneous Conservative Consistency of False Discovery Rates: A Unified Approach},
  volume = {66},
  shorttitle = {Strong Control, Conservative Point Estimation and Simultaneous Conservative Consistency of False Discovery Rates},
  doi = {10.1111/j.1467-9868.2004.00439.x},
  number = {1},
  journal = {Journal of the Royal Statistical Society Series B},
  author = {Storey, John D. and Taylor, Jonathan E. and Siegmund, David},
  year = {2004},
  keywords = {Seminal,MultipleTesting,VariableSelection},
  pages = {187-205},
  file = {/home/johnros/.zotero/zotero/vs27un40.default/zotero/storage/2WF5STUT/Storey et al_2004_Strong control, conservative point estimation and simultaneous conservative.pdf},
  note = {01117}
}

@article{FosterVariableSelectionData2004,
  title = {Variable {{Selection}} in {{Data Mining}}},
  volume = {99},
  issn = {0162-1459},
  doi = {10.1198/016214504000000287},
  number = {466},
  journal = {Journal of the American Statistical Association},
  author = {Foster, Dean P. and Stine, Robert A.},
  month = jun,
  year = {2004},
  keywords = {Teaching},
  pages = {303-313},
  file = {/home/johnros/.zotero/zotero/vs27un40.default/zotero/storage/DQGWU83P/Foster_Stine_2004_Variable Selection in Data Mining.pdf;/home/johnros/.zotero/zotero/vs27un40.default/zotero/storage/S4I7VM9V/016214504000000287.html}
}

@article{MeinshausenStabilityselection2010,
  title = {Stability Selection},
  volume = {72},
  copyright = {\textcopyright{} 2010 Royal Statistical Society},
  issn = {1467-9868},
  doi = {10.1111/j.1467-9868.2010.00740.x},
  language = {en},
  number = {4},
  journal = {Journal of the Royal Statistical Society: Series B (Statistical Methodology)},
  author = {Meinshausen, Nicolai and B\"uhlmann, Peter},
  month = sep,
  year = {2010},
  keywords = {MultipleTesting,VariableSelection},
  pages = {417-473},
  file = {/home/johnros/.zotero/zotero/vs27un40.default/zotero/storage/6LD6ZCA3/Meinshausen_Bühlmann_Stability selection.pdf;/home/johnros/.zotero/zotero/vs27un40.default/zotero/storage/C2ZHKAHM/Meinshausen_Bühlmann_2010_Stability selection.pdf;/home/johnros/.zotero/zotero/vs27un40.default/zotero/storage/8CAFT5GF/full.html;/home/johnros/.zotero/zotero/vs27un40.default/zotero/storage/LNKV5LTF/j.1467-9868.2010.00740.html}
}

@article{WuControllingVariableSelection2007,
  title = {Controlling {{Variable Selection}} by the {{Addition}} of {{Pseudovariables}}},
  volume = {102},
  issn = {0162-1459},
  doi = {10.1198/016214506000000843},
  number = {477},
  journal = {Journal of the American Statistical Association},
  author = {Wu, Yujun and Boos, Dennis D and Stefanski, Leonard A},
  month = mar,
  year = {2007},
  keywords = {MultipleTesting},
  pages = {235-243},
  file = {/home/johnros/.zotero/zotero/vs27un40.default/zotero/storage/GIACPJJV/Wu_2007_Controlling Variable Selection by the Addition of Pseudovariables.pdf;/home/johnros/.zotero/zotero/vs27un40.default/zotero/storage/23AWQP4E/016214506000000843.html;/home/johnros/.zotero/zotero/vs27un40.default/zotero/storage/QHM979HA/016214506000000843.html}
}

@article{CandesDantzigSelectorStatistical2007,
  title = {The {{Dantzig Selector}}: {{Statistical Estimation When}} p {{Is Much Larger}} than N},
  volume = {35},
  copyright = {Copyright \textcopyright{} 2007 Institute of Mathematical Statistics},
  issn = {0090-5364},
  shorttitle = {The {{Dantzig Selector}}},
  number = {6},
  journal = {The Annals of Statistics},
  author = {Candes, Emmanuel and Tao, Terence},
  month = dec,
  year = {2007},
  pages = {2313-2351},
  file = {/home/johnros/.zotero/zotero/vs27un40.default/zotero/storage/6GKDKCJA/Candes_Tao_2007_The Dantzig selector.pdf;/home/johnros/.zotero/zotero/vs27un40.default/zotero/storage/6UJMGGDK/Candes_Tao_2007_The Dantzig Selector.pdf}
}

@article{MeinshausenHighdimensionalgraphsvariable2006,
  title = {High-Dimensional Graphs and Variable Selection with the {{Lasso}}},
  volume = {34},
  issn = {0090-5364, 2168-8966},
  doi = {10.1214/009053606000000281},
  number = {3},
  journal = {The Annals of Statistics},
  author = {Meinshausen, Nicolai and B\"uhlmann, Peter},
  month = jun,
  year = {2006},
  keywords = {LASSO,HighDim,CovarianceEstimation},
  pages = {1436-1462},
  file = {/home/johnros/.zotero/zotero/vs27un40.default/zotero/storage/C76FE4KE/Meinshausen and Bühlmann - 2006 - High-dimensional graphs and variable selection wit;/home/johnros/.zotero/zotero/vs27un40.default/zotero/storage/FWIPN8BR/Meinshausen_Bühlmann_2006_High-dimensional graphs and variable selection with the Lasso.pdf;/home/johnros/.zotero/zotero/vs27un40.default/zotero/storage/HM9ISZZX/Meinshausen and Bühlmann - 2006 - High-dimensional graphs and variable selection wit;/home/johnros/.zotero/zotero/vs27un40.default/zotero/storage/QGMXHMQA/Meinshausen and Bühlmann - 2006 - High-dimensional graphs and variable selection wit;/home/johnros/.zotero/zotero/vs27un40.default/zotero/storage/S5YD538Y/Meinshausen and Bühlmann - 2006 - High-dimensional graphs and variable selection wit;/home/johnros/.zotero/zotero/vs27un40.default/zotero/storage/TEF9JK4P/Meinshausen_Bühlmann_2006_High-dimensional graphs and variable selection with the lasso.pdf;/home/johnros/.zotero/zotero/vs27un40.default/zotero/storage/6NS52UCC/1152540754.html;/home/johnros/.zotero/zotero/vs27un40.default/zotero/storage/SK6NUEBB/1152540754.html}
}

@article{Benjaminishuffleestimatorexplainable2013,
  title = {The Shuffle Estimator for Explainable Variance in {{fMRI}} Experiments},
  volume = {7},
  number = {4},
  journal = {The Annals of Applied Statistics},
  author = {Benjamini, Yuval and Yu, Bin and {others}},
  year = {2013},
  pages = {2007--2033},
  file = {/home/johnros/.zotero/zotero/vs27un40.default/zotero/storage/FCKU6D9N/Benjamini et al_2013_The shuffle estimator for explainable variance in fMRI experiments.pdf;/home/johnros/.zotero/zotero/vs27un40.default/zotero/storage/MQHJFEPD/1387823308.html}
}

@article{YuanModelselectionestimation2007,
  title = {Model Selection and Estimation in the {{Gaussian}} Graphical Model},
  volume = {94},
  issn = {0006-3444, 1464-3510},
  doi = {10.1093/biomet/asm018},
  language = {en},
  number = {1},
  journal = {Biometrika},
  author = {Yuan, Ming and Lin, Yi},
  month = jan,
  year = {2007},
  keywords = {CovarianceEstimation},
  pages = {19-35},
  file = {/home/johnros/.zotero/zotero/vs27un40.default/zotero/storage/4JLN7S5L/Yuan_Lin_2007_Model selection and estimation in the Gaussian graphical model.pdf;/home/johnros/.zotero/zotero/vs27un40.default/zotero/storage/ERXAGEXZ/Yuan_Lin_2007_Model selection and estimation in the Gaussian graphical model.pdf;/home/johnros/.zotero/zotero/vs27un40.default/zotero/storage/HN92MZ96/Yuan_Lin_2007_Model selection and estimation in the Gaussian graphical model.pdf;/home/johnros/.zotero/zotero/vs27un40.default/zotero/storage/I78MWS9J/Yuan_Lin_2007_Model selection and estimation in the Gaussian graphical model.pdf;/home/johnros/.zotero/zotero/vs27un40.default/zotero/storage/RB3DUUC9/Yuan_Lin_2007_Model selection and estimation in the Gaussian graphical model.pdf;/home/johnros/.zotero/zotero/vs27un40.default/zotero/storage/TLZEJY7Y/Yuan_Lin_2007_Model selection and estimation in the Gaussian graphical model.pdf;/home/johnros/.zotero/zotero/vs27un40.default/zotero/storage/FRHUI6A8/19.html;/home/johnros/.zotero/zotero/vs27un40.default/zotero/storage/ITAGWU7K/19.html;/home/johnros/.zotero/zotero/vs27un40.default/zotero/storage/JZDVS7Z6/228821.html;/home/johnros/.zotero/zotero/vs27un40.default/zotero/storage/SIQPFPKI/19.html;/home/johnros/.zotero/zotero/vs27un40.default/zotero/storage/ZUCGS8FC/19.html}
}

@article{BarberControllingfalsediscovery2015,
  title = {Controlling the False Discovery Rate via Knockoffs},
  volume = {43},
  issn = {0090-5364, 2168-8966},
  doi = {10.1214/15-AOS1337},
  language = {EN},
  number = {5},
  journal = {The Annals of Statistics},
  author = {Barber, Rina Foygel and Cand\`es, Emmanuel J.},
  month = oct,
  year = {2015},
  keywords = {MultipleTesting,VariableSelection},
  pages = {2055-2085},
  file = {/home/johnros/.zotero/zotero/vs27un40.default/zotero/storage/3LEMF7J3/Barber_Candès_2015_Controlling the false discovery rate via knockoffs.pdf;/home/johnros/.zotero/zotero/vs27un40.default/zotero/storage/4KHP8ECK/Barber_Candès_2015_Controlling the false discovery rate via knockoffs.pdf;/home/johnros/.zotero/zotero/vs27un40.default/zotero/storage/3RBBD7JP/1438606853.html;/home/johnros/.zotero/zotero/vs27un40.default/zotero/storage/I79N2WCG/1438606853.html;/home/johnros/.zotero/zotero/vs27un40.default/zotero/storage/Q8KNNC74/1438606853.html},
  note = {00123}
}

@article{BogdanSLOPEADAPTIVEVARIABLE2015,
  title = {{{SLOPE}}\textemdash{{ADAPTIVE VARIABLE SELECTION VIA CONVEX OPTIMIZATION}}},
  volume = {9},
  issn = {1932-6157},
  doi = {10.1214/15-AOAS842},
  number = {3},
  journal = {The annals of applied statistics},
  author = {Bogdan, Ma\l{}gorzata and {van den Berg}, Ewout and Sabatti, Chiara and Su, Weijie and Cand\`es, Emmanuel J.},
  year = {2015},
  keywords = {FDR,LinearModels,VariableSelection},
  pages = {1103-1140},
  file = {/home/johnros/.zotero/zotero/vs27un40.default/zotero/storage/I86CZPUF/Bogdan_2015_SLOPE—ADAPTIVE VARIABLE SELECTION VIA CONVEX OPTIMIZATION.pdf;/home/johnros/.zotero/zotero/vs27un40.default/zotero/storage/Z92M832P/Bogdan et al_2015_SLOPE—ADAPTIVE VARIABLE SELECTION VIA CONVEX OPTIMIZATION.pdf},
  pmid = {26709357},
  pmcid = {PMC4689150}
}

@article{BerkValidpostselectioninference2013,
  title = {Valid Post-Selection Inference},
  volume = {41},
  issn = {0090-5364, 2168-8966},
  doi = {10.1214/12-AOS1077},
  language = {EN},
  number = {2},
  journal = {The Annals of Statistics},
  author = {Berk, Richard and Brown, Lawrence and Buja, Andreas and Zhang, Kai and Zhao, Linda},
  month = apr,
  year = {2013},
  pages = {802-837},
  file = {/home/johnros/.zotero/zotero/vs27un40.default/zotero/storage/JKHKIZZ8/Berk_2013_Valid post-selection inference.pdf;/home/johnros/.zotero/zotero/vs27un40.default/zotero/storage/6FIZGWI2/1369836961.html;/home/johnros/.zotero/zotero/vs27un40.default/zotero/storage/CJBM8EVB/1369836961.html}
}

@article{GSellSequentialselectionprocedures2016,
  title = {Sequential Selection Procedures and False Discovery Rate Control},
  volume = {78},
  issn = {1467-9868},
  doi = {10.1111/rssb.12122},
  language = {en},
  number = {2},
  journal = {Journal of the Royal Statistical Society: Series B (Statistical Methodology)},
  author = {G'Sell, Max Grazier and Wager, Stefan and Chouldechova, Alexandra and Tibshirani, Robert},
  month = mar,
  year = {2016},
  keywords = {FDR,VariableSelection},
  pages = {423-444},
  file = {/home/johnros/.zotero/zotero/vs27un40.default/zotero/storage/H9CUYS8L/G'Sell_Sequential selection procedures and false discovery rate control.pdf}
}

@article{SesiaGeneHuntingKnockoffs2017,
  archivePrefix = {arXiv},
  eprinttype = {arxiv},
  eprint = {1706.04677},
  primaryClass = {math, stat},
  title = {Gene {{Hunting}} with {{Knockoffs}} for {{Hidden Markov Models}}},
  journal = {arXiv:1706.04677 [math, stat]},
  author = {Sesia, Matteo and Sabatti, Chiara and Cand\`es, Emmanuel J.},
  month = jun,
  year = {2017},
  keywords = {VariableSelection},
  file = {/home/johnros/.zotero/zotero/vs27un40.default/zotero/storage/AZ6BMXAP/Sesia_2017_Gene Hunting with Knockoffs for Hidden Markov Models.pdf;/home/johnros/.zotero/zotero/vs27un40.default/zotero/storage/6WL2KQ78/1706.html},
  note = {00003}
}

@article{CandesPanningGoldModelX2016,
  archivePrefix = {arXiv},
  eprinttype = {arxiv},
  eprint = {1610.02351},
  primaryClass = {math, stat},
  title = {Panning for {{Gold}}: {{Model}}-{{X Knockoffs}} for {{High}}-Dimensional {{Controlled Variable Selection}}},
  shorttitle = {Panning for {{Gold}}},
  journal = {arXiv:1610.02351 [math, stat]},
  author = {Candes, Emmanuel and Fan, Yingying and Janson, Lucas and Lv, Jinchi},
  month = oct,
  year = {2016},
  file = {/home/johnros/.zotero/zotero/vs27un40.default/zotero/storage/2HFBGKWP/1610.html},
  note = {00015}
}

@article{CandesPanninggoldmodelX2018,
  title = {Panning for Gold: `Model-{{X}}' Knockoffs for High Dimensional Controlled Variable Selection},
  volume = {80},
  copyright = {\textcopyright{} 2018 Royal Statistical Society},
  issn = {1467-9868},
  shorttitle = {Panning for Gold},
  doi = {10.1111/rssb.12265},
  language = {en},
  number = {3},
  journal = {Journal of the Royal Statistical Society: Series B (Statistical Methodology)},
  author = {Cand\`es, Emmanuel and Fan, Yingying and Janson, Lucas and Lv, Jinchi},
  year = {2018},
  keywords = {VariableSelection},
  pages = {551-577},
  file = {/home/johnros/.zotero/zotero/vs27un40.default/zotero/storage/CG58WI43/Candès_Panning for gold.pdf;/home/johnros/.zotero/zotero/vs27un40.default/zotero/storage/32WZWT8S/rssb.html},
  note = {00000}
}

@inproceedings{YeVariableSelectionPenalized2018,
  title = {Variable {{Selection}} via {{Penalized Neural Network}}: A {{Drop}}-{{Out}}-{{One Loss Approach}}},
  shorttitle = {Variable {{Selection}} via {{Penalized Neural Network}}},
  language = {en},
  booktitle = {International {{Conference}} on {{Machine Learning}}},
  author = {Ye, Mao and Sun, Yan},
  month = jul,
  year = {2018},
  pages = {5616-5625},
  file = {/home/johnros/.zotero/zotero/vs27un40.default/zotero/storage/2TKAN2FR/Ye_Sun_2018_Variable Selection via Penalized Neural Network.pdf;/home/johnros/.zotero/zotero/vs27un40.default/zotero/storage/S6EEKWQP/ye18b.html},
  note = {00000}
}

@article{ChenAnalysisKnockoffFilter2017,
  archivePrefix = {arXiv},
  eprinttype = {arxiv},
  eprint = {1706.03400},
  primaryClass = {math, stat},
  title = {Some {{Analysis}} of the {{Knockoff Filter}} and Its {{Variants}}},
  journal = {arXiv:1706.03400 [math, stat]},
  author = {Chen, Jiajie and Hou, Anthony and Hou, Thomas Y.},
  month = jun,
  year = {2017},
  keywords = {VariableSelection},
  file = {/home/johnros/.zotero/zotero/vs27un40.default/zotero/storage/ITDN28ES/Chen_2017_Some Analysis of the Knockoff Filter and its Variants.pdf;/home/johnros/.zotero/zotero/vs27un40.default/zotero/storage/3AY5F7C6/1706.html},
  note = {00001}
}

@article{ChenPseudoKnockoffFilter2017,
  archivePrefix = {arXiv},
  eprinttype = {arxiv},
  eprint = {1708.09305},
  primaryClass = {math, stat},
  title = {A {{Pseudo Knockoff Filter}} for {{Correlated Features}}},
  journal = {arXiv:1708.09305 [math, stat]},
  author = {Chen, Jiajie and Hou, Anthony and Hou, Thomas Y.},
  month = aug,
  year = {2017},
  keywords = {VariableSelection},
  file = {/home/johnros/.zotero/zotero/vs27un40.default/zotero/storage/G76UDNUX/Chen_2017_A Pseudo Knockoff Filter for Correlated Features.pdf;/home/johnros/.zotero/zotero/vs27un40.default/zotero/storage/DTU32P9A/1708.html},
  note = {00000}
}

@article{Benjaminisimpleforwardselection2009,
  title = {A Simple Forward Selection Procedure Based on False Discovery Rate Control},
  volume = {3},
  issn = {1932-6157, 1941-7330},
  doi = {10.1214/08-AOAS194},
  language = {EN},
  number = {1},
  journal = {The Annals of Applied Statistics},
  author = {Benjamini, Yoav and Gavrilov, Yulia},
  month = mar,
  year = {2009},
  keywords = {FDR,HighDim,MultipleTesting,VariableSelection},
  pages = {179-198},
  file = {/home/johnros/.zotero/zotero/vs27un40.default/zotero/storage/GUSF7L3S/Benjamini_Gavrilov_2009_A simple forward selection procedure based on false discovery rate control.pdf;/home/johnros/.zotero/zotero/vs27un40.default/zotero/storage/U9P7HT3L/Benjamini_Gavrilov_2009_A simple forward selection procedure based on false discovery rate control.pdf;/home/johnros/.zotero/zotero/vs27un40.default/zotero/storage/DLBPPCJI/1239888367.html;/home/johnros/.zotero/zotero/vs27un40.default/zotero/storage/X94QG7AN/1239888367.html},
  note = {00049}
}

@article{BoosFastFSRVariable2009,
  title = {Fast {{FSR Variable Selection}} with {{Applications}} to {{Clinical Trials}}},
  volume = {65},
  copyright = {\textcopyright{} 2008, The International Biometric Society},
  issn = {1541-0420},
  doi = {10.1111/j.1541-0420.2008.01127.x},
  language = {en},
  number = {3},
  journal = {Biometrics},
  author = {Boos, Dennis D. and Stefanski, Leonard A. and Wu, Yujun},
  year = {2009},
  pages = {692-700},
  file = {/home/johnros/.zotero/zotero/vs27un40.default/zotero/storage/5MC56WFA/Boos_Fast FSR Variable Selection with Applications to Clinical Trials.pdf;/home/johnros/.zotero/zotero/vs27un40.default/zotero/storage/7V6ZP7LM/j.1541-0420.2008.01127.html},
  note = {00031}
}

@article{MoonTwoStageSensitivityBasedGroup2012,
  title = {Two-{{Stage Sensitivity}}-{{Based Group Screening}} in {{Computer Experiments}}},
  volume = {54},
  issn = {0040-1706},
  doi = {10.1080/00401706.2012.725994},
  number = {4},
  journal = {Technometrics},
  author = {Moon, Hyejung and Dean, Angela M. and Santner, Thomas J.},
  month = nov,
  year = {2012},
  pages = {376-387},
  file = {/home/johnros/.zotero/zotero/vs27un40.default/zotero/storage/MUN9WMV7/Moon_2012_Two-Stage Sensitivity-Based Group Screening in Computer Experiments.pdf;/home/johnros/.zotero/zotero/vs27un40.default/zotero/storage/MRM7TZH4/00401706.2012.html},
  note = {00023}
}

@article{YuModifiedCrossValidationPenalized2014,
  title = {Modified {{Cross}}-{{Validation}} for {{Penalized High}}-{{Dimensional Linear Regression Models}}},
  volume = {23},
  issn = {1061-8600},
  doi = {10.1080/10618600.2013.849200},
  number = {4},
  journal = {Journal of Computational and Graphical Statistics},
  author = {Yu, Yi and Feng, Yang},
  month = oct,
  year = {2014},
  pages = {1009-1027},
  file = {/home/johnros/.zotero/zotero/vs27un40.default/zotero/storage/DBYYALV6/Yu_Feng_2014_Modified Cross-Validation for Penalized High-Dimensional Linear Regression.pdf;/home/johnros/.zotero/zotero/vs27un40.default/zotero/storage/Y8PAHFD2/10618600.2013.html},
  note = {00021}
}

@article{LysenPermutedinclusioncriterion2009,
  title = {Permuted Inclusion Criterion: A Variable Selection Technique},
  shorttitle = {Permuted Inclusion Criterion},
  journal = {Publicly accessible Penn Dissertations},
  author = {Lysen, Shaun},
  year = {2009},
  pages = {28},
  file = {/home/johnros/.zotero/zotero/vs27un40.default/zotero/storage/MPXJPPP8/Lysen_2009_Permuted inclusion criterion.pdf;/home/johnros/.zotero/zotero/vs27un40.default/zotero/storage/VZLIA93E/Lysen - 2009 - Permuted inclusion criterion a variable selection.pdf},
  note = {00018}
}

@article{ZhuBiologicalpathwayselection2011,
  title = {Biological Pathway Selection through Nonlinear Dimension Reduction},
  volume = {12},
  issn = {1465-4644},
  doi = {10.1093/biostatistics/kxq081},
  language = {en},
  number = {3},
  journal = {Biostatistics},
  author = {Zhu, Hongjie and Li, Lexin},
  month = jul,
  year = {2011},
  pages = {429-444},
  file = {/home/johnros/.zotero/zotero/vs27un40.default/zotero/storage/HPE5KN48/Zhu_Li_2011_Biological pathway selection through nonlinear dimension reduction.pdf;/home/johnros/.zotero/zotero/vs27un40.default/zotero/storage/QKRMF6K5/247742.html},
  note = {00016}
}

@phdthesis{MoonDesignAnalysisComputer2010,
  title = {Design and {{Analysis}} of {{Computer Experiments}} for {{Screening Input Variables}}},
  language = {en},
  school = {The Ohio State University},
  author = {Moon, Hyejung},
  year = {2010},
  file = {/home/johnros/.zotero/zotero/vs27un40.default/zotero/storage/2WNGFRAK/Moon_2010_Design and Analysis of Computer Experiments for Screening Input Variables.pdf;/home/johnros/.zotero/zotero/vs27un40.default/zotero/storage/GKCFP854/pg_10.html},
  note = {00013}
}

@article{DupuisFastrobustmodel2011,
  title = {Fast Robust Model Selection in Large Datasets},
  volume = {106},
  number = {493},
  journal = {Journal of the American Statistical Association},
  author = {Dupuis, Debbie J. and {Victoria-Feser}, Maria-Pia},
  year = {2011},
  pages = {203--212},
  file = {/home/johnros/.zotero/zotero/vs27un40.default/zotero/storage/Y7N4G6VG/Dupuis_Victoria-Feser_2011_Fast robust model selection in large datasets.pdf;/home/johnros/.zotero/zotero/vs27un40.default/zotero/storage/T9FWB4YD/jasa.2011.html},
  note = {00010}
}

@article{SartoriPenalizedregressionBootstrap2011,
  title = {Penalized Regression: {{Bootstrap}} Confidence Intervals and Variable Selection for High-Dimensional Data Sets},
  shorttitle = {Penalized Regression},
  author = {Sartori, Samantha},
  year = {2011},
  file = {/home/johnros/.zotero/zotero/vs27un40.default/zotero/storage/IMPVSNDZ/Sartori_2011_Penalized regression.pdf;/home/johnros/.zotero/zotero/vs27un40.default/zotero/storage/DBTKU3QF/153099.html},
  note = {00008}
}

@article{Nottsignbasedloss2010,
  title = {A Sign Based Loss Approach to Model Selection in Nonparametric Regression},
  volume = {20},
  issn = {0960-3174, 1573-1375},
  doi = {10.1007/s11222-009-9139-6},
  language = {en},
  number = {4},
  journal = {Statistics and Computing},
  author = {Nott, David J. and Jialiang, Li},
  month = oct,
  year = {2010},
  pages = {485-498},
  file = {/home/johnros/.zotero/zotero/vs27un40.default/zotero/storage/677GCY3S/Nott_Jialiang_2010_A sign based loss approach to model selection in nonparametric regression.pdf;/home/johnros/.zotero/zotero/vs27un40.default/zotero/storage/53BQNJEK/s11222-009-9139-6.html},
  note = {00006}
}

@article{ZhuModelFreeFeatureScreening2011,
  title = {Model-{{Free Feature Screening}} for {{Ultrahigh}}-{{Dimensional Data}}},
  volume = {106},
  issn = {0162-1459},
  doi = {10.1198/jasa.2011.tm10563},
  number = {496},
  journal = {Journal of the American Statistical Association},
  author = {Zhu, Li-Ping and Li, Lexin and Li, Runze and Zhu, Li-Xing},
  month = dec,
  year = {2011},
  pages = {1464-1475},
  file = {/home/johnros/.zotero/zotero/vs27un40.default/zotero/storage/VNHTBXEA/Zhu_2011_Model-Free Feature Screening for Ultrahigh-Dimensional Data.pdf;/home/johnros/.zotero/zotero/vs27un40.default/zotero/storage/XCPJG66U/jasa.2011.html},
  note = {00176}
}

@article{McShanestatisticalanalysismultiple2011,
  title = {A Statistical Analysis of Multiple Temperature Proxies: {{Are}} Reconstructions of Surface Temperatures over the Last 1000 Years Reliable?},
  volume = {5},
  issn = {1932-6157, 1941-7330},
  shorttitle = {A Statistical Analysis of Multiple Temperature Proxies},
  doi = {10.1214/10-AOAS398},
  language = {EN},
  number = {1},
  journal = {The Annals of Applied Statistics},
  author = {McShane, Blakeley B. and Wyner, Abraham J.},
  month = mar,
  year = {2011},
  pages = {5-44},
  file = {/home/johnros/.zotero/zotero/vs27un40.default/zotero/storage/VR9TYQFJ/McShane_Wyner_2011_A statistical analysis of multiple temperature proxies.pdf;/home/johnros/.zotero/zotero/vs27un40.default/zotero/storage/NK2U4LKF/1300715170.html},
  note = {00079}
}

@article{BondellSimultaneousFactorSelection2008,
  title = {Simultaneous {{Factor Selection}} and {{Collapsing Levels}} in {{ANOVA}}},
  volume = {65},
  copyright = {\textcopyright{} 2008, The International Biometric Society},
  issn = {1541-0420},
  doi = {10.1111/j.1541-0420.2008.01061.x},
  language = {en},
  number = {1},
  journal = {Biometrics},
  author = {Bondell, Howard D. and Reich, Brian J.},
  year = {2008},
  pages = {169-177},
  file = {/home/johnros/.zotero/zotero/vs27un40.default/zotero/storage/PDBLQ9M3/Bondell_Reich_Simultaneous Factor Selection and Collapsing Levels in ANOVA.pdf;/home/johnros/.zotero/zotero/vs27un40.default/zotero/storage/WID5AFPD/j.1541-0420.2008.01061.html},
  note = {00075}
}

@article{ZhouGroupVariableSelection2010,
  archivePrefix = {arXiv},
  eprinttype = {arxiv},
  eprint = {1006.2871},
  primaryClass = {stat},
  title = {Group {{Variable Selection}} via a {{Hierarchical Lasso}} and {{Its Oracle Property}}},
  journal = {arXiv:1006.2871 [stat]},
  author = {Zhou, Nengfeng and Zhu, Ji},
  month = jun,
  year = {2010},
  file = {/home/johnros/.zotero/zotero/vs27un40.default/zotero/storage/X4VYFDVW/Zhou_Zhu_2010_Group Variable Selection via a Hierarchical Lasso and Its Oracle Property.pdf;/home/johnros/.zotero/zotero/vs27un40.default/zotero/storage/TEUHR67C/1006.html},
  note = {00069}
}

@article{LanVariableselectionlinear2006,
  title = {Variable Selection in Linear Mixed Model for Longitudinal Data},
  author = {Lan, Lan},
  year = {2006},
  file = {/home/johnros/.zotero/zotero/vs27un40.default/zotero/storage/SJTIA2AD/Lan_2006_Variable selection in linear mixed model for longitudinal data.pdf;/home/johnros/.zotero/zotero/vs27un40.default/zotero/storage/YY5LMTIZ/3842.html},
  note = {00007}
}

@phdthesis{ChenSequentialMultipleTesting2016,
  title = {Sequential {{Multiple Testing}} for {{Variable Selection}} in {{High Dimensional Linear Model}}},
  language = {en},
  school = {UC Riverside},
  author = {Chen, Hailu},
  year = {2016},
  file = {/home/johnros/.zotero/zotero/vs27un40.default/zotero/storage/A6DE64DP/9gv015p9.pdf;/home/johnros/.zotero/zotero/vs27un40.default/zotero/storage/UFXUEY2A/Chen_2016_Sequential Multiple Testing for Variable Selection in High Dimensional Linear.pdf},
  note = {00000}
}

@incollection{GamizHazardRegressionAnalysis2011,
  series = {Springer Series in Reliability Engineering},
  title = {Hazard {{Regression Analysis}}},
  isbn = {978-0-85729-117-2 978-0-85729-118-9},
  language = {en},
  booktitle = {Applied {{Nonparametric Statistics}} in {{Reliability}}},
  publisher = {{Springer, London}},
  author = {G\'amiz, M. Luz and Kulasekera, K. B. and Limnios, Nikolaos and Lindqvist, Bo Henry},
  year = {2011},
  pages = {185-225},
  file = {/home/johnros/.zotero/zotero/vs27un40.default/zotero/storage/UAHCXG6C/Gámiz_2011_Hazard Regression Analysis.pdf;/home/johnros/.zotero/zotero/vs27un40.default/zotero/storage/264IJAEJ/978-0-85729-118-9_7.html},
  doi = {10.1007/978-0-85729-118-9_7},
  note = {00000}
}

@phdthesis{ShiVariableScreeningBased2014,
  type = {{{PhD Thesis}}},
  title = {Variable {{Screening Based}} on {{Combining Quantile Regression}}},
  school = {University of Alberta},
  author = {Shi, Qian},
  year = {2014},
  file = {/home/johnros/.zotero/zotero/vs27un40.default/zotero/storage/HB64W8UI/Shi_2014_Variable Screening Based on Combining Quantile Regression.pdf;/home/johnros/.zotero/zotero/vs27un40.default/zotero/storage/VSAD2JKR/Shi - 2014 - Variable Screening Based on Combining Quantile Reg.pdf},
  note = {00000}
}

@article{CrewsFastFalseSelection2008,
  title = {Fast {{False Selection Rate Methods}} for {{Analyzing Response Surface Experimental Designs}}},
  author = {Crews, Hugh B. and Boos, Dennis D. and Stefanski, Leonard A.},
  year = {2008},
  file = {/home/johnros/.zotero/zotero/vs27un40.default/zotero/storage/MIEY5NI5/Crews_2008_Fast False Selection Rate Methods for Analyzing Response Surface Experimental.pdf;/home/johnros/.zotero/zotero/vs27un40.default/zotero/storage/WNHTMTAX/Crews et al. - 2008 - Fast False Selection Rate Methods for Analyzing Re.pdf},
  note = {00000}
}

@phdthesis{YangSTATISTICALMETHODSVARIABLE2011,
  type = {{{PhD Thesis}}},
  title = {{{STATISTICAL METHODS FOR VARIABLE SELECTION IN THE CONTEXT OF HIGH}}-{{DIMENSIONAL DATA}}: {{LASSO AND EXTENSIONS}}},
  shorttitle = {{{STATISTICAL METHODS FOR VARIABLE SELECTION IN THE CONTEXT OF HIGH}}-{{DIMENSIONAL DATA}}},
  author = {Yang, Xiao Di},
  year = {2011},
  file = {/home/johnros/.zotero/zotero/vs27un40.default/zotero/storage/7RE2HPUF/Yang_2011_STATISTICAL METHODS FOR VARIABLE SELECTION IN THE CONTEXT OF HIGH-DIMENSIONAL.pdf},
  note = {00002}
}

@phdthesis{MiaoModelselectionestimation2009,
  address = {United States -- North Carolina},
  type = {Ph.{{D}}.},
  title = {Model Selection and Estimation in Additive Regression Models},
  copyright = {Database copyright ProQuest LLC; ProQuest does not claim copyright in the individual underlying works.},
  language = {English},
  school = {North Carolina State University},
  author = {Miao, Huiping},
  year = {2009},
  file = {/home/johnros/.zotero/zotero/vs27un40.default/zotero/storage/T7HHQMQS/Miao_2009_Model selection and estimation in additive regression models.pdf},
  note = {00002}
}

@article{ThomasProbingSparseFast2017,
  title = {Probing for {{Sparse}} and {{Fast Variable Selection}} with {{Model}}-{{Based Boosting}}},
  language = {en},
  journal = {Computational and Mathematical Methods in Medicine},
  author = {Thomas, Janek and Hepp, Tobias and Mayr, Andreas and Bischl, Bernd},
  year = {2017},
  keywords = {VariableSelection},
  file = {/home/johnros/.zotero/zotero/vs27un40.default/zotero/storage/UA8L6ENS/abs.html;/home/johnros/.zotero/zotero/vs27un40.default/zotero/storage/VXM95D8Q/Thomas_2017_Probing for Sparse and Fast Variable Selection with Model-Based Boosting.pdf},
  doi = {10.1155/2017/1421409},
  note = {00004}
}

@article{SchumannRobustvariableselection2009,
  title = {Robust Variable Selection},
  author = {Schumann, David Heinz},
  year = {2009},
  file = {/home/johnros/.zotero/zotero/vs27un40.default/zotero/storage/2TWPHHYT/Schumann_2009_Robust variable selection.pdf;/home/johnros/.zotero/zotero/vs27un40.default/zotero/storage/N9U2HVW8/4764.html},
  note = {00003}
}

@article{ChangVariableSelectionRegression2013,
  title = {Variable {{Selection}} via {{Regression Trees}} in the {{Presence}} of {{Irrelevant Variables}}},
  volume = {42},
  issn = {0361-0918},
  doi = {10.1080/03610918.2012.674600},
  number = {8},
  journal = {Communications in Statistics - Simulation and Computation},
  author = {Chang, Youngjae},
  month = sep,
  year = {2013},
  pages = {1703-1726},
  file = {/home/johnros/.zotero/zotero/vs27un40.default/zotero/storage/ZN575UVE/Chang_2013_Variable Selection via Regression Trees in the Presence of Irrelevant Variables.pdf;/home/johnros/.zotero/zotero/vs27un40.default/zotero/storage/MMU3CJFS/03610918.2012.html},
  note = {00004}
}

@article{JonesEffectiveDesignBasedModel2017,
  title = {Effective {{Design}}-{{Based Model Selection}} for {{Definitive Screening Designs}}},
  volume = {59},
  issn = {0040-1706},
  doi = {10.1080/00401706.2016.1234979},
  number = {3},
  journal = {Technometrics},
  author = {Jones, Bradley and Nachtsheim, Christopher J.},
  month = jul,
  year = {2017},
  keywords = {VariableSelection},
  pages = {319-329},
  file = {/home/johnros/.zotero/zotero/vs27un40.default/zotero/storage/D4R5WQ62/Jones_Nachtsheim_2017_Effective Design-Based Model Selection for Definitive Screening Designs.pdf;/home/johnros/.zotero/zotero/vs27un40.default/zotero/storage/LI8UE29B/00401706.2016.html},
  note = {00004}
}

@article{EklundSimSelnewsimulation2012,
  title = {{{SimSel}}: A New Simulation Method for Variable Selection},
  volume = {82},
  issn = {0094-9655},
  shorttitle = {{{SimSel}}},
  doi = {10.1080/00949655.2010.543981},
  number = {4},
  journal = {Journal of Statistical Computation and Simulation},
  author = {Eklund, Martin and Zwanzig, Silvelyn},
  month = apr,
  year = {2012},
  pages = {515-527},
  file = {/home/johnros/.zotero/zotero/vs27un40.default/zotero/storage/ZIUENHR4/Eklund_Zwanzig_2012_SimSel.pdf;/home/johnros/.zotero/zotero/vs27un40.default/zotero/storage/YDIYNWUD/00949655.2010.html},
  note = {00006}
}

@article{NicolasAcSelselectingvariables2015,
  archivePrefix = {arXiv},
  eprinttype = {arxiv},
  eprint = {1512.03307},
  primaryClass = {stat},
  title = {{{AcSel}}: Selecting Variables with Accuracy in Correlated Datasets},
  shorttitle = {{{AcSel}}},
  journal = {arXiv:1512.03307 [stat]},
  author = {Nicolas, Jung and Bertrand, Fr\'ed\'eric and {Maumy-Bertrand}, Myriam},
  month = dec,
  year = {2015},
  file = {/home/johnros/.zotero/zotero/vs27un40.default/zotero/storage/96IKIFGJ/Nicolas_2015_AcSel.pdf;/home/johnros/.zotero/zotero/vs27un40.default/zotero/storage/3PYCZI85/1512.html},
  note = {00000}
}

@article{NembrinirevivalGiniimportance2018,
  title = {The Revival of the {{Gini}} Importance?},
  doi = {10.1093/bioinformatics/bty373},
  language = {en},
  journal = {Bioinformatics},
  author = {Nembrini, Stefano and K\"onig, Inke R. and Wright, Marvin N. and Valencia, Alfonso},
  year = {2018},
  file = {/home/johnros/.zotero/zotero/vs27un40.default/zotero/storage/YSFJ9RR9/Nembrini_The revival of the Gini importance.pdf;/home/johnros/.zotero/zotero/vs27un40.default/zotero/storage/AXFWJE29/4994791.html},
  note = {00000}
}

@article{ZhengRobustadaptiveLasso2017,
  title = {Robust Adaptive {{Lasso}} for Variable Selection},
  volume = {46},
  issn = {0361-0926},
  doi = {10.1080/03610926.2015.1019138},
  number = {9},
  journal = {Communications in Statistics - Theory and Methods},
  author = {Zheng, Qi and Gallagher, Colin and Kulasekera, K. B.},
  month = may,
  year = {2017},
  keywords = {Robustness,VariableSelection},
  pages = {4642-4659},
  file = {/home/johnros/.zotero/zotero/vs27un40.default/zotero/storage/UTY3L3ML/Zheng_2017_Robust adaptive Lasso for variable selection.pdf;/home/johnros/.zotero/zotero/vs27un40.default/zotero/storage/KU93L4UZ/03610926.2015.html},
  note = {00000}
}

@article{Haorelativeerrorbasedapproach2016,
  title = {A Relative Error-Based Approach for Variable Selection},
  volume = {103},
  issn = {0167-9473},
  doi = {10.1016/j.csda.2016.05.013},
  journal = {Computational Statistics \& Data Analysis},
  author = {Hao, Meiling and Lin, Yunyuan and Zhao, Xingqiu},
  month = nov,
  year = {2016},
  pages = {250-262},
  file = {/home/johnros/.zotero/zotero/vs27un40.default/zotero/storage/EFWDRW6I/S0167947316301153.html},
  note = {00001}
}

@inproceedings{RamdasMorepowerfulflexible2017,
  title = {More Powerful and Flexible Rules for Online {{FDR}} Control with Memory and Weights},
  booktitle = {Advances in {{Neural Information Processing Systems}}},
  author = {Ramdas, Aaditya and Yang, Fanny and Wainwright, Martin J. and Jordan, Michael I.},
  year = {2017},
  keywords = {VariableSelection},
  pages = {5653--5662},
  file = {/home/johnros/.zotero/zotero/vs27un40.default/zotero/storage/UIGWZQB6/Ramdas_2017_More powerful and flexible rules for online FDR control with memory and weights.pdf},
  note = {00001}
}

@article{KursaFeatureselectionBoruta2010,
  title = {Feature Selection with the {{Boruta}} Package},
  volume = {36},
  number = {11},
  journal = {J Stat Softw},
  author = {Kursa, Miron B. and Rudnicki, Witold R.},
  year = {2010},
  keywords = {VariableSelection},
  pages = {1--13},
  file = {/home/johnros/.zotero/zotero/vs27un40.default/zotero/storage/AZGJMXBA/Kursa_Rudnicki_2010_Feature selection with the Boruta package.pdf},
  note = {00390}
}

@article{Janitzacomputationallyfastvariable2016,
  title = {A Computationally Fast Variable Importance Test for Random Forests for High-Dimensional Data},
  issn = {1862-5347, 1862-5355},
  doi = {10.1007/s11634-016-0276-4},
  language = {en},
  journal = {Advances in Data Analysis and Classification},
  author = {Janitza, Silke and Celik, Ender and Boulesteix, Anne-Laure},
  month = nov,
  year = {2016},
  keywords = {VariableSelection},
  pages = {1-31},
  file = {/home/johnros/.zotero/zotero/vs27un40.default/zotero/storage/WYCGQXW2/Janitza_2016_A computationally fast variable importance test for random forests for.pdf;/home/johnros/.zotero/zotero/vs27un40.default/zotero/storage/PVC7AEXR/s11634-016-0276-4.html},
  note = {00012}
}

@article{NilssonConsistentFeatureSelection2007,
  title = {Consistent {{Feature Selection}} for {{Pattern Recognition}} in {{Polynomial Time}}},
  volume = {8},
  issn = {ISSN 1533-7928},
  number = {Mar},
  journal = {Journal of Machine Learning Research},
  author = {Nilsson, Roland and Pe\~na, Jos\'e M. and Bj\"orkegren, Johan and Tegn\'er, Jesper},
  year = {2007},
  pages = {589-612},
  file = {/home/johnros/.zotero/zotero/vs27un40.default/zotero/storage/H3Z3AW4S/Nilsson_2007_Consistent Feature Selection for Pattern Recognition in Polynomial Time.pdf;/home/johnros/.zotero/zotero/vs27un40.default/zotero/storage/E3HDB4KE/nilsson07a.html},
  note = {00101}
}

@article{GuyonIntroductionVariableFeature2003,
  title = {An {{Introduction}} to {{Variable}} and {{Feature Selection}}},
  volume = {3},
  issn = {ISSN 1533-7928},
  number = {Mar},
  journal = {Journal of Machine Learning Research},
  author = {Guyon, Isabelle and Elisseeff, Andr\'e},
  year = {2003},
  pages = {1157-1182},
  file = {/home/johnros/.zotero/zotero/vs27un40.default/zotero/storage/ZRBWMN37/Guyon_Elisseeff_2003_An Introduction to Variable and Feature Selection.pdf;/home/johnros/.zotero/zotero/vs27un40.default/zotero/storage/2H3A6R2C/guyon03a.html},
  note = {11418}
}

@article{StoppigliaRankingRandomFeature2003,
  title = {Ranking a {{Random Feature}} for {{Variable}} and {{Feature Selection}}},
  volume = {3},
  issn = {ISSN 1533-7928},
  number = {Mar},
  journal = {Journal of Machine Learning Research},
  author = {Stoppiglia, Herv\'e and Dreyfus, G\'erard and Dubois, R\'emi and Oussar, Yacine},
  year = {2003},
  keywords = {VariableSelection},
  pages = {1399-1414},
  file = {/home/johnros/.zotero/zotero/vs27un40.default/zotero/storage/6LMMR3UH/Stoppiglia_2003_Ranking a Random Feature for Variable and Feature Selection.pdf;/home/johnros/.zotero/zotero/vs27un40.default/zotero/storage/PDGKHZWP/stoppiglia03a.html},
  note = {00251}
}

@article{BiDimensionalityReductionSparse2003,
  title = {Dimensionality {{Reduction}} via {{Sparse Support Vector Machines}}},
  volume = {3},
  issn = {ISSN 1533-7928},
  number = {Mar},
  journal = {Journal of Machine Learning Research},
  author = {Bi, Jinbo and Bennett, Kristin and Embrechts, Mark and Breneman, Curt and Song, Minghu},
  year = {2003},
  keywords = {VariableSelection},
  pages = {1229-1243},
  file = {/home/johnros/.zotero/zotero/vs27un40.default/zotero/storage/J4GTIZ3Y/Bi_2003_Dimensionality Reduction via Sparse Support Vector Machines.pdf;/home/johnros/.zotero/zotero/vs27un40.default/zotero/storage/KNCT6CPL/bi03a.html},
  note = {00469}
}

@article{TusherSignificanceanalysismicroarrays2001,
  title = {Significance Analysis of Microarrays Applied to the Ionizing Radiation Response},
  volume = {98},
  copyright = {Copyright \textcopyright{} 2001, The National Academy of Sciences},
  issn = {0027-8424, 1091-6490},
  doi = {10.1073/pnas.091062498},
  language = {en},
  number = {9},
  journal = {Proceedings of the National Academy of Sciences},
  author = {Tusher, Virginia Goss and Tibshirani, Robert and Chu, Gilbert},
  month = apr,
  year = {2001},
  keywords = {VariableSelection},
  pages = {5116-5121},
  file = {/home/johnros/.zotero/zotero/vs27un40.default/zotero/storage/NZRALK2E/Tusher_2001_Significance analysis of microarrays applied to the ionizing radiation response.pdf;/home/johnros/.zotero/zotero/vs27un40.default/zotero/storage/9EVUENMH/5116.html},
  pmid = {11309499},
  note = {12117}
}

@article{JansonFamilywiseerrorrate2016,
  title = {Familywise Error Rate Control via Knockoffs},
  volume = {10},
  issn = {1935-7524},
  doi = {10.1214/16-EJS1129},
  language = {EN},
  number = {1},
  journal = {Electronic Journal of Statistics},
  author = {Janson, Lucas and Su, Weijie},
  year = {2016},
  keywords = {FWER,MultipleTesting,VariableSelection,LowDim},
  pages = {960-975},
  file = {/home/johnros/.zotero/zotero/vs27un40.default/zotero/storage/VN3QUTUG/Janson_Su_2016_Familywise error rate control via knockoffs.pdf;/home/johnros/.zotero/zotero/vs27un40.default/zotero/storage/ZPAQZ4YJ/1460463651.html},
  note = {00011}
}

@article{ReidSparseregressionmarginal2016,
  title = {Sparse Regression and Marginal Testing Using Cluster Prototypes},
  volume = {17},
  issn = {1465-4644},
  doi = {10.1093/biostatistics/kxv049},
  language = {en},
  number = {2},
  journal = {Biostatistics},
  author = {Reid, Stephen and Tibshirani, Robert},
  month = apr,
  year = {2016},
  pages = {364-376},
  file = {/home/johnros/.zotero/zotero/vs27un40.default/zotero/storage/4PHISLAP/Reid_Tibshirani_2016_Sparse regression and marginal testing using cluster prototypes.pdf;/home/johnros/.zotero/zotero/vs27un40.default/zotero/storage/KWK9X58Z/1744478.html},
  note = {00014}
}

@article{SuCommunicationEfficientFalseDiscovery2015,
  archivePrefix = {arXiv},
  eprinttype = {arxiv},
  eprint = {1506.05446},
  primaryClass = {stat},
  title = {Communication-{{Efficient False Discovery Rate Control}} via {{Knockoff Aggregation}}},
  journal = {arXiv:1506.05446 [stat]},
  author = {Su, Weijie and Qian, Junyang and Liu, Linxi},
  month = jun,
  year = {2015},
  file = {/home/johnros/.zotero/zotero/vs27un40.default/zotero/storage/PF9ZEWHD/Su_2015_Communication-Efficient False Discovery Rate Control via Knockoff Aggregation.pdf;/home/johnros/.zotero/zotero/vs27un40.default/zotero/storage/9GBN9S2Q/1506.html},
  note = {00002}
}

@inproceedings{XuFalseDiscoveryRate2016,
  address = {New York, NY, USA},
  series = {ICML'16},
  title = {False {{Discovery Rate Control}} and {{Statistical Quality Assessment}} of {{Annotators}} in {{Crowdsourced Ranking}}},
  booktitle = {Proceedings of the 33rd {{International Conference}} on {{International Conference}} on {{Machine Learning}} - {{Volume}} 48},
  publisher = {{JMLR.org}},
  author = {Xu, Qianqian and Xiong, Jiechao and Cao, Xiaochun and Yao, Yuan},
  year = {2016},
  pages = {1282--1291},
  file = {/home/johnros/.zotero/zotero/vs27un40.default/zotero/storage/UYYB87G9/Xu_2016_False Discovery Rate Control and Statistical Quality Assessment of Annotators.pdf},
  note = {00004}
}

@article{Barberknockofffilterhighdimensional2016,
  archivePrefix = {arXiv},
  eprinttype = {arxiv},
  eprint = {1602.03574},
  primaryClass = {math, stat},
  title = {A Knockoff Filter for High-Dimensional Selective Inference},
  journal = {arXiv:1602.03574 [math, stat]},
  author = {Barber, Rina Foygel and Candes, Emmanuel J.},
  month = feb,
  year = {2016},
  keywords = {FDR,VariableSelection,LowDim},
  file = {/home/johnros/.zotero/zotero/vs27un40.default/zotero/storage/9VQP9RNY/Barber_Candes_2016_A knockoff filter for high-dimensional selective inference.pdf;/home/johnros/.zotero/zotero/vs27un40.default/zotero/storage/BPLWERN7/1602.html},
  note = {00025}
}

@incollection{LiuStabilityApproachRegularization2010,
  title = {Stability {{Approach}} to {{Regularization Selection}} ({{StARS}}) for {{High Dimensional Graphical Models}}},
  booktitle = {Advances in {{Neural Information Processing Systems}} 23},
  publisher = {{Curran Associates, Inc.}},
  author = {Liu, Han and Roeder, Kathryn and Wasserman, Larry},
  editor = {Lafferty, J. D. and Williams, C. K. I. and {Shawe-Taylor}, J. and Zemel, R. S. and Culotta, A.},
  year = {2010},
  pages = {1432--1440},
  file = {/home/johnros/.zotero/zotero/vs27un40.default/zotero/storage/XKV5GYBG/Liu_2010_Stability Approach to Regularization Selection (StARS) for High Dimensional.pdf;/home/johnros/.zotero/zotero/vs27un40.default/zotero/storage/WLDDHI62/3966-stability-approach-to-regularization-selection-stars-for-high-dimensional-graphical-models.html},
  note = {00212}
}

@article{MillerSelectionSubsetsRegression1984,
  title = {Selection of {{Subsets}} of {{Regression Variables}}},
  volume = {147},
  issn = {0035-9238},
  doi = {10.2307/2981576},
  number = {3},
  journal = {Journal of the Royal Statistical Society. Series A (General)},
  author = {Miller, Alan J.},
  year = {1984},
  pages = {389-425},
  note = {00411}
}

@book{MillerSubsetSelectionRegression2002,
  title = {Subset {{Selection}} in {{Regression}}},
  isbn = {978-1-4200-3593-3},
  language = {en},
  publisher = {{CRC Press}},
  author = {Miller, Alan},
  month = apr,
  year = {2002},
  note = {02603}
}

@misc{VinzamuriFalseDiscoveryRate2018,
  title = {False {{Discovery Rate Control}} with {{Concave Penalties}} Using {{Stability Selection}}},
  language = {en},
  author = {Vinzamuri, Bhanukiran and Varshney, Kush R.},
  month = may,
  year = {2018},
  keywords = {FDR,VariableSelection},
  file = {/home/johnros/.zotero/zotero/vs27un40.default/zotero/storage/TLDSMQGS/Vinzamuri_Varshney_2018_False Discovery Rate Control with Concave Penalties using Stability Selection.pdf;/home/johnros/.zotero/zotero/vs27un40.default/zotero/storage/T6PPRM3N/false-discovery-rate-control-concave-penalties-using-stability-selection.html},
  note = {00000}
}

@article{DesclouxModelselectionlassozero2018,
  archivePrefix = {arXiv},
  eprinttype = {arxiv},
  eprint = {1805.05133},
  primaryClass = {stat},
  title = {Model Selection with Lasso-Zero: Adding Straw to the Haystack to Better Find Needles},
  shorttitle = {Model Selection with Lasso-Zero},
  journal = {arXiv:1805.05133 [stat]},
  author = {Descloux, Pascaline and Sardy, Sylvain},
  month = may,
  year = {2018},
  keywords = {Excellent!,LASSO,FWER,VariableSelection},
  file = {/home/johnros/.zotero/zotero/vs27un40.default/zotero/storage/H7EPKPMH/Descloux_Sardy_2018_Model selection with lasso-zero.pdf;/home/johnros/.zotero/zotero/vs27un40.default/zotero/storage/9ECKU2AU/1805.html},
  note = {00000}
}

@article{AhmedFalsediscoveryrate2011,
  title = {False Discovery Rate Estimation for Stability Selection: Application to Genome-Wide Association Studies},
  volume = {10},
  issn = {1544-6115},
  shorttitle = {False Discovery Rate Estimation for Stability Selection},
  doi = {10.2202/1544-6115.1663},
  language = {eng},
  number = {1},
  journal = {Statistical Applications in Genetics and Molecular Biology},
  author = {Ahmed, Isma\"il and Hartikainen, Anna-Liisa and J\"arvelin, Marjo-Riitta and Richardson, Sylvia},
  month = nov,
  year = {2011},
  pmid = {23089816},
  note = {00007}
}

@article{ZhaoModelSelectionConsistency2006,
  title = {On {{Model Selection Consistency}} of {{Lasso}}},
  volume = {7},
  issn = {ISSN 1533-7928},
  number = {Nov},
  journal = {Journal of Machine Learning Research},
  author = {Zhao, Peng and Yu, Bin},
  year = {2006},
  pages = {2541-2563},
  file = {/home/johnros/.zotero/zotero/vs27un40.default/zotero/storage/ZALZ44T4/Zhao_Yu_2006_On Model Selection Consistency of Lasso.pdf;/home/johnros/.zotero/zotero/vs27un40.default/zotero/storage/TBGY68T9/zhao06a.html},
  note = {01940}
}

@article{ZouAdaptiveLassoIts2006,
  title = {The {{Adaptive Lasso}} and {{Its Oracle Properties}}},
  volume = {101},
  issn = {0162-1459},
  doi = {10.1198/016214506000000735},
  number = {476},
  journal = {Journal of the American Statistical Association},
  author = {Zou, Hui},
  month = dec,
  year = {2006},
  pages = {1418-1429},
  note = {04123}
}

@article{ZhangConsistencyFeatureSelection2009,
  title = {On the {{Consistency}} of {{Feature Selection}} Using {{Greedy Least Squares Regression}}},
  volume = {10},
  issn = {ISSN 1533-7928},
  number = {Mar},
  journal = {Journal of Machine Learning Research},
  author = {Zhang, Tong},
  year = {2009},
  pages = {555-568},
  file = {/home/johnros/.zotero/zotero/vs27un40.default/zotero/storage/6IEC5NFI/Zhang_2009_On the Consistency of Feature Selection using Greedy Least Squares Regression.pdf},
  note = {00147}
}

@article{TroppGreedgoodalgorithmic2004,
  title = {Greed Is Good: Algorithmic Results for Sparse Approximation},
  volume = {50},
  issn = {0018-9448},
  shorttitle = {Greed Is Good},
  doi = {10.1109/TIT.2004.834793},
  number = {10},
  journal = {IEEE Transactions on Information Theory},
  author = {Tropp, J. A.},
  month = oct,
  year = {2004},
  pages = {2231-2242},
  note = {03216}
}

@article{GeerHighdimensionalgeneralizedlinear2008,
  title = {High-Dimensional Generalized Linear Models and the Lasso},
  volume = {36},
  issn = {0090-5364, 2168-8966},
  doi = {10.1214/009053607000000929},
  language = {EN},
  number = {2},
  journal = {The Annals of Statistics},
  author = {van de Geer, Sara A.},
  month = apr,
  year = {2008},
  pages = {614-645},
  file = {/home/johnros/.zotero/zotero/vs27un40.default/zotero/storage/H2CNYJTB/Geer_2008_High-dimensional generalized linear models and the lasso.pdf},
  note = {00506}
}

@article{MeinshausenLassotyperecoverysparse2009,
  title = {Lasso-Type Recovery of Sparse Representations for High-Dimensional Data},
  volume = {37},
  issn = {0090-5364, 2168-8966},
  doi = {10.1214/07-AOS582},
  language = {EN},
  number = {1},
  journal = {The Annals of Statistics},
  author = {Meinshausen, Nicolai and Yu, Bin},
  month = feb,
  year = {2009},
  pages = {246-270},
  file = {/home/johnros/.zotero/zotero/vs27un40.default/zotero/storage/K8LE5WW2/Meinshausen_Yu_2009_Lasso-type recovery of sparse representations for high-dimensional data.pdf},
  note = {00676}
}

@article{BickelSimultaneousanalysisLasso2009,
  title = {Simultaneous Analysis of {{Lasso}} and {{Dantzig}} Selector},
  volume = {37},
  issn = {0090-5364, 2168-8966},
  doi = {10.1214/08-AOS620},
  language = {EN},
  number = {4},
  journal = {The Annals of Statistics},
  author = {Bickel, Peter J. and Ritov, Ya'acov and Tsybakov, Alexandre B.},
  month = aug,
  year = {2009},
  pages = {1705-1732},
  file = {/home/johnros/.zotero/zotero/vs27un40.default/zotero/storage/KLPGG7YI/Bickel_2009_Simultaneous analysis of Lasso and Dantzig selector.pdf},
  note = {01646}
}

@article{LeebSparseestimatorsoracle2008,
  title = {Sparse Estimators and the Oracle Property, or the Return of {{Hodges}}' Estimator},
  volume = {142},
  issn = {0304-4076},
  doi = {10.1016/j.jeconom.2007.05.017},
  number = {1},
  journal = {Journal of Econometrics},
  author = {Leeb, Hannes and P\"otscher, Benedikt M.},
  month = jan,
  year = {2008},
  pages = {201-211},
  file = {/home/johnros/.zotero/zotero/vs27un40.default/zotero/storage/YMKR3X69/Leeb_Pötscher_2008_Sparse estimators and the oracle property, or the return of Hodges’ estimator.pdf}
}

@article{BrownAncillarityParadoxWhich1990,
  title = {An {{Ancillarity Paradox Which Appears}} in {{Multiple Linear Regression}}},
  volume = {18},
  issn = {0090-5364, 2168-8966},
  doi = {10.1214/aos/1176347602},
  language = {EN},
  number = {2},
  journal = {The Annals of Statistics},
  author = {Brown, Lawrence D.},
  month = jun,
  year = {1990},
  keywords = {Theory},
  pages = {471-493},
  file = {/home/johnros/.zotero/zotero/vs27un40.default/zotero/storage/VCBY8GMM/Brown_1990_An Ancillarity Paradox Which Appears in Multiple Linear Regression.pdf},
  note = {00085}
}

@article{ZhangNearlyunbiasedvariable2010,
  title = {Nearly Unbiased Variable Selection under Minimax Concave Penalty},
  volume = {38},
  issn = {0090-5364, 2168-8966},
  doi = {10.1214/09-AOS729},
  language = {EN},
  number = {2},
  journal = {The Annals of Statistics},
  author = {Zhang, Cun-Hui},
  month = apr,
  year = {2010},
  pages = {894-942},
  file = {/home/johnros/.zotero/zotero/vs27un40.default/zotero/storage/WE53CMTU/Zhang_2010_Nearly unbiased variable selection under minimax concave penalty.pdf},
  note = {01427}
}

@inproceedings{DaiknockofffilterFDR2016,
  title = {The Knockoff Filter for {{FDR}} Control in Group-Sparse and Multitask Regression},
  language = {en},
  booktitle = {International {{Conference}} on {{Machine Learning}}},
  author = {Dai, Ran and Barber, Rina},
  month = jun,
  year = {2016},
  keywords = {FDR,HighDim,VariableSelection},
  pages = {1851-1859},
  file = {/home/johnros/.zotero/zotero/vs27un40.default/zotero/storage/RCIFKPUC/Dai_Barber_2016_The knockoff filter for FDR control in group-sparse and multitask regression.pdf},
  note = {00008}
}

@article{EfronBetterBootstrapConfidence1987,
  title = {Better {{Bootstrap Confidence Intervals}}},
  volume = {82},
  issn = {0162-1459},
  doi = {10.1080/01621459.1987.10478410},
  number = {397},
  journal = {Journal of the American Statistical Association},
  author = {Efron, Bradley},
  month = mar,
  year = {1987},
  pages = {171-185},
  note = {02987}
}


